name,photo,restaurant_id,price,pet
Bakers As Good As It Looks Assorted Menus 4x280g Only £3.00: Save £2.00 £3.00/unit £2.68/kg Quantity,http://c2.sainsburys.co.uk/wcsstore7.09.2.52/ExtendedSitesCatalogAssetStore/images/catalog/productImages/31/7613034006431/7613034006431_L.jpeg,3,10,cat
Bakers As Good As It Looks Casserole With Chicken 280g Only £1.00: Save 30p £1.00/unit £3.57/kg Quantity,http://c2.sainsburys.co.uk/wcsstore7.09.2.52/ExtendedSitesCatalogAssetStore/images/catalog/productImages/12/7613033998812/7613033998812_L.jpeg,2,12,cat
Bakers As Good As It Looks Stew With Beef 280g Only £1.00: Save 30p £1.00/unit £3.57/kg Quantity,http://c2.sainsburys.co.uk/wcsstore7.09.2.52/ExtendedSitesCatalogAssetStore/images/catalog/productImages/67/7613033998867/7613033998867_L.jpeg,4,18,cat
Bakers As Good As It Looks Stew With Lamb 280g Only £1.00: Save 30p £1.00/unit £3.57/kg Quantity,http://c2.sainsburys.co.uk/wcsstore7.09.2.52/ExtendedSitesCatalogAssetStore/images/catalog/productImages/53/7613033999253/7613033999253_L.jpeg,4,15,cat
Bakers As Good As It Looks Variety Menus 4x280g Only £3.00: Save £2.00 £3.00/unit £2.68/kg Quantity Reviews (1),http://c2.sainsburys.co.uk/wcsstore7.09.2.52/ExtendedSitesCatalogAssetStore/images/catalog/productImages/69/7613033999369/7613033999369_L.jpeg,4,4,cat
"Bakers As Good As It Looks, Select Menus 4x280g Only £3.00: Save £2.00 £3.00/unit £2.68/kg Quantity",http://c2.sainsburys.co.uk/wcsstore7.09.2.52/ExtendedSitesCatalogAssetStore/images/catalog/productImages/09/7613034563309/7613034563309_L.jpeg,1,9,cat
"Bakers Complete Dry Dog Food, Beef & Vegetable 1.35kg Only £3.00: Save 60p £3.00/unit £2.22/kg Quantity",http://c2.sainsburys.co.uk/wcsstore7.09.2.52/ExtendedSitesCatalogAssetStore/images/catalog/productImages/53/7613034276353/7613034276353_L.jpeg,3,8,dog
"Bakers Complete Dry Dog Food, Beef & Vegetable 14kg £25.00/unit £1.79/kg Quantity",http://c2.sainsburys.co.uk/wcsstore7.09.2.52/ExtendedSitesCatalogAssetStore/images/catalog/productImages/23/7613034276223/7613034276223_L.jpeg,1,9,dog
"Bakers Complete Dry Dog Food, Beef & Vegetable 2.7kg £6.00/unit £2.22/kg Quantity",http://c2.sainsburys.co.uk/wcsstore7.09.2.52/ExtendedSitesCatalogAssetStore/images/catalog/productImages/77/7613034276377/7613034276377_L.jpeg,1,4,dog
"Bakers Complete Dry Dog Food, Beef & Vegetables 5kg £11.00/unit £2.20/kg Quantity",http://c2.sainsburys.co.uk/wcsstore7.09.2.52/ExtendedSitesCatalogAssetStore/images/catalog/productImages/56/7613034283856/7613034283856_L.jpeg,1,15,dog
"Bakers Complete Dry Dog Food, Chicken & Vegetable 1.35kg Only £3.00: Save 60p £3.00/unit £2.22/kg Quantity",http://c2.sainsburys.co.uk/wcsstore7.09.2.52/ExtendedSitesCatalogAssetStore/images/catalog/productImages/26/7613034282026/7613034282026_L.jpeg,1,12,dog
"Bakers Complete Dry Dog Food, Chicken & Vegetable 2.7kg £6.00/unit £2.22/kg Quantity",http://c2.sainsburys.co.uk/wcsstore7.09.2.52/ExtendedSitesCatalogAssetStore/images/catalog/productImages/54/7613034280954/7613034280954_L.jpeg,1,12,dog
"Bakers Complete Dry Dog Food, Chicken & Vegetable 5kg £11.00/unit £2.20/kg Quantity",http://c2.sainsburys.co.uk/wcsstore7.09.2.52/ExtendedSitesCatalogAssetStore/images/catalog/productImages/39/7613034283139/7613034283139_L.jpeg,4,11,dog
"Bakers Complete Dry Dog Food, Chicken 14kg £25.00/unit £1.79/kg Quantity",http://c2.sainsburys.co.uk/wcsstore7.09.2.52/ExtendedSitesCatalogAssetStore/images/catalog/productImages/80/7613034281180/7613034281180_L.jpeg,2,10,dog
"Bakers Complete Dry Dog Food, Senior Chicken 5kg £11.00/unit £2.20/kg Quantity",http://c2.sainsburys.co.uk/wcsstore7.09.2.52/ExtendedSitesCatalogAssetStore/images/catalog/productImages/77/7613034283177/7613034283177_L.jpeg,3,12,dog
Bakers Complete Weight Control Dry Dog Food 1kg Only £2.20: Save 60p £2.20/unit £2.20/kg Quantity,http://c2.sainsburys.co.uk/wcsstore7.09.2.52/ExtendedSitesCatalogAssetStore/images/catalog/productImages/11/5011394360811/5011394360811_L.jpeg,1,4,dog
"Bakers Complete Weight Control Dry Dog Food, Chicken 5kg £11.00/unit £2.20/kg Quantity",http://c2.sainsburys.co.uk/wcsstore7.09.2.52/ExtendedSitesCatalogAssetStore/images/catalog/productImages/64/5011394360064/5011394360064_L.jpeg,3,13,dog
"Bakers Dentacrunch Dry Dog Food, Beef 1kg Only £2.20: Save 55p £2.20/unit £2.20/kg Quantity",http://c2.sainsburys.co.uk/wcsstore7.09.2.52/ExtendedSitesCatalogAssetStore/images/catalog/productImages/15/7613034881915/7613034881915_L.jpeg,2,9,dog
"Bakers Dentacrunch Dry Dog Food, Beef 2.7kg Only £5.20: Save £1.30 £5.20/unit £1.93/kg Quantity",http://c2.sainsburys.co.uk/wcsstore7.09.2.52/ExtendedSitesCatalogAssetStore/images/catalog/productImages/52/7613034881052/7613034881052_L.jpeg,1,13,dog
"Bakers Dentacrunch Dry Dog Food, Chicken 1kg Only £2.20: Save 55p £2.20/unit £2.20/kg Quantity",http://c2.sainsburys.co.uk/wcsstore7.09.2.52/ExtendedSitesCatalogAssetStore/images/catalog/productImages/40/7613034882240/7613034882240_L.jpeg,1,16,dog
"Bakers Dentacrunch Dry Dog Food, Chicken 2.7kg Only £5.20: Save £1.30 £5.20/unit £1.93/kg Quantity Reviews (1)",http://c2.sainsburys.co.uk/wcsstore7.09.2.52/ExtendedSitesCatalogAssetStore/images/catalog/productImages/19/7613034881519/7613034881519_L.jpeg,2,9,dog
"Bakers Meaty Meals Dry Dog Food, Beef 1kg Only £2.60: Save 55p £2.60/unit £2.60/kg Quantity",http://c2.sainsburys.co.uk/wcsstore7.09.2.52/ExtendedSitesCatalogAssetStore/images/catalog/productImages/07/7613033401107/7613033401107_L.jpeg,2,6,dog
"Bakers Meaty Meals Dry Dog Food, Beef 2.7kg Only £5.20: Save £1.30 £5.20/unit £1.93/kg Quantity",http://c2.sainsburys.co.uk/wcsstore7.09.2.52/ExtendedSitesCatalogAssetStore/images/catalog/productImages/51/7613034276551/7613034276551_L.jpeg,4,10,dog
"Bakers Meaty Meals Dry Dog Food, Chicken 1kg Only £2.60: Save 55p £2.60/unit £2.60/kg Quantity",http://c2.sainsburys.co.uk/wcsstore7.09.2.52/ExtendedSitesCatalogAssetStore/images/catalog/productImages/21/7613033401121/7613033401121_L.jpeg,1,15,dog
"Bakers Meaty Meals Dry Dog Food, Chicken 2.7kg Only £5.20: Save £1.30 £5.20/unit £1.93/kg Quantity",http://c2.sainsburys.co.uk/wcsstore7.09.2.52/ExtendedSitesCatalogAssetStore/images/catalog/productImages/93/7613034280893/7613034280893_L.jpeg,4,8,dog
"Bakers Meaty Meals Small Dog Dry Dog Food, Chicken 1kg Only £2.60: Save 55p £2.60/unit £2.60/kg Quantity Reviews (1)",http://c2.sainsburys.co.uk/wcsstore7.09.2.52/ExtendedSitesCatalogAssetStore/images/catalog/productImages/45/7613034241245/7613034241245_L.jpeg,2,16,dog
Bakers Puppy Complete Dry Dog Food 1kg Only £2.20: Save 60p £2.20/unit £2.20/kg Quantity,http://c2.sainsburys.co.uk/wcsstore7.09.2.52/ExtendedSitesCatalogAssetStore/images/catalog/productImages/14/5011394518014/5011394518014_L.jpeg,2,14,dog
Bakers Puppy Complete Dry Dog Food 5kg £11.00/unit £2.20/kg Quantity,http://c2.sainsburys.co.uk/wcsstore7.09.2.52/ExtendedSitesCatalogAssetStore/images/catalog/productImages/84/7613034283184/7613034283184_L.jpeg,2,19,dog
"Bakers Senior Complete Dry Dog Food, Beef 2.7kg £6.00/unit £2.22/kg Quantity",http://c2.sainsburys.co.uk/wcsstore7.09.2.52/ExtendedSitesCatalogAssetStore/images/catalog/productImages/14/7613034281814/7613034281814_L.jpeg,1,4,dog
"Bakers Senior Complete Dry Dog Food, Chicken Rice & Vegetables 1kg Only £2.20: Save 60p £2.20/unit £2.20/kg Quantity",http://c2.sainsburys.co.uk/wcsstore7.09.2.52/ExtendedSitesCatalogAssetStore/images/catalog/productImages/68/5000161031368/5000161031368_L.jpeg,4,11,dog
"Bakers Small Dog Complete Dry Dog Food, Beef & Vegetable 1kg Only £2.20: Save 60p £2.20/unit £2.20/kg Quantity Reviews (1)",http://c2.sainsburys.co.uk/wcsstore7.09.2.52/ExtendedSitesCatalogAssetStore/images/catalog/productImages/53/7613030415053/7613030415053_L.jpeg,1,19,dog
"Bakers Small Dog Complete Dry Dog Food, Beef 2.7kg £6.00/unit £2.22/kg Quantity",http://c2.sainsburys.co.uk/wcsstore7.09.2.52/ExtendedSitesCatalogAssetStore/images/catalog/productImages/68/7613034281968/7613034281968_L.jpeg,4,13,dog
"Bakers Small Dog Complete Dry Dog Food, Chicken & Vegetable 1kg Only £2.20: Save 60p £2.20/unit £2.20/kg Quantity Reviews (1)",http://c2.sainsburys.co.uk/wcsstore7.09.2.52/ExtendedSitesCatalogAssetStore/images/catalog/productImages/89/7613034055989/7613034055989_L.jpeg,1,13,dog
"Bakers Small Dog Complete Dry Dog Food, Chicken 2.7kg £6.00/unit £2.22/kg Quantity",http://c2.sainsburys.co.uk/wcsstore7.09.2.52/ExtendedSitesCatalogAssetStore/images/catalog/productImages/84/7613034281784/7613034281784_L.jpeg,2,12,dog
Bakers Small Dog Meaty Meals Dry Dog Food 1kg Only £2.60: Save 55p £2.60/unit £2.60/kg Quantity,http://c2.sainsburys.co.uk/wcsstore7.09.2.52/ExtendedSitesCatalogAssetStore/images/catalog/productImages/91/7613033401091/7613033401091_L.jpeg,4,10,dog
"Bakers Weight Control Dry Dog Food, Beef & Vegetable 2.7kg £6.00/unit £2.22/kg Quantity",http://c2.sainsburys.co.uk/wcsstore7.09.2.52/ExtendedSitesCatalogAssetStore/images/catalog/productImages/21/7613032885021/7613032885021_L.jpeg,1,9,dog
Butcher's Beef & Liver In Jelly 400g £0.60/unit £1.50/kg Quantity,http://c2.sainsburys.co.uk/wcsstore7.09.2.52/ExtendedSitesCatalogAssetStore/images/catalog/productImages/41/5011941417241/5011941417241_L.jpeg,2,6,cat
Butcher's Choice Chicken 150g £0.60/unit £4.00/kg Quantity,http://c2.sainsburys.co.uk/wcsstore7.09.2.52/ExtendedSitesCatalogAssetStore/images/catalog/productImages/46/5011941982046/5011941982046_L.jpeg,1,13,cat
Butcher's Choice Lean & Tasty 12x150g £5.50/unit £3.06/kg Quantity,http://c2.sainsburys.co.uk/wcsstore7.09.2.52/ExtendedSitesCatalogAssetStore/images/catalog/productImages/76/5011941976076/5011941976076_L.jpeg,2,19,cat
Butcher's Choice Puppy Variety 4x150g Only £1.75: Save 25p £1.75/unit £2.91/kg Quantity,http://c2.sainsburys.co.uk/wcsstore7.09.2.52/ExtendedSitesCatalogAssetStore/images/catalog/productImages/82/5011941928082/5011941928082_L.jpeg,1,6,cat
Butcher's Choice Senior 4x150g Only £1.75: Save 25p £1.75/unit £2.91/kg Quantity Reviews (1),http://c2.sainsburys.co.uk/wcsstore7.09.2.52/ExtendedSitesCatalogAssetStore/images/catalog/productImages/88/5011941926088/5011941926088_L.jpeg,4,12,cat
Butcher's Choice Succulent Recipes Variety 12x150g £5.50/unit £3.06/kg Quantity Reviews (1),http://c2.sainsburys.co.uk/wcsstore7.09.2.52/ExtendedSitesCatalogAssetStore/images/catalog/productImages/77/5011941966077/5011941966077_L.jpeg,2,9,cat
Butcher's Choice Succulent Recipes Variety 4x150g Only £1.75: Save 25p £1.75/unit £2.91/kg Quantity,http://c2.sainsburys.co.uk/wcsstore7.09.2.52/ExtendedSitesCatalogAssetStore/images/catalog/productImages/89/5011941961089/5011941961089_L.jpeg,4,4,cat
Butcher's Choice Traditional Recipes Variety 12x150g £5.50/unit £3.06/kg Quantity,http://c2.sainsburys.co.uk/wcsstore7.09.2.52/ExtendedSitesCatalogAssetStore/images/catalog/productImages/48/5011941920048/5011941920048_L.jpeg,3,12,cat
Butcher's Choice Traditional Recipes Variety 4x150g Only £1.75: Save 25p £1.75/unit £2.91/kg Quantity,http://c2.sainsburys.co.uk/wcsstore7.09.2.52/ExtendedSitesCatalogAssetStore/images/catalog/productImages/31/5011941917031/5011941917031_L.jpeg,2,18,cat
"Butcher's Choice, Simply Gentle 4x150g Only £1.75: Save 25p £1.75/unit £2.91/kg Quantity",http://c2.sainsburys.co.uk/wcsstore7.09.2.52/ExtendedSitesCatalogAssetStore/images/catalog/productImages/73/5011792000173/5011792000173_L.jpeg,4,17,cat
"Butcher's Choice, Superior 4x150g £2.50/unit £4.17/kg Quantity",http://c2.sainsburys.co.uk/wcsstore7.09.2.52/ExtendedSitesCatalogAssetStore/images/catalog/productImages/35/5011792000135/5011792000135_L.jpeg,3,18,cat
"Butcher's Choice, Superior Loaf 6x400g £4.00/unit £1.71/kg Quantity",http://c2.sainsburys.co.uk/wcsstore7.09.2.52/ExtendedSitesCatalogAssetStore/images/catalog/productImages/12/5011792000012/5011792000012_L.jpeg,2,6,cat
Butcher's Country Stews Variety 6x400g Only £3.00: Save 50p £3.00/unit £1.25/kg Quantity Reviews (1),http://c2.sainsburys.co.uk/wcsstore7.09.2.52/ExtendedSitesCatalogAssetStore/images/catalog/productImages/37/5011941605037/5011941605037_L.jpeg,3,7,cat
Butcher's Lean & Tasty Variety 4x150g Only £1.75: Save 25p £1.75/unit £2.91/kg Quantity,http://c2.sainsburys.co.uk/wcsstore7.09.2.52/ExtendedSitesCatalogAssetStore/images/catalog/productImages/87/5011941994087/5011941994087_L.jpeg,3,13,cat
"Butcher's Lean & Tasty, Assorted 6x400g Only £3.00: Save 35p £3.00/unit £1.25/kg Quantity Reviews (2)",http://c2.sainsburys.co.uk/wcsstore7.09.2.52/ExtendedSitesCatalogAssetStore/images/catalog/productImages/69/5011941471069/5011941471069_L.jpeg,3,11,cat
Butcher's Meaty Stews In Gravy 6x400g Only £3.00: Save 50p £3.00/unit £1.25/kg Quantity Reviews (1),http://c2.sainsburys.co.uk/wcsstore7.09.2.52/ExtendedSitesCatalogAssetStore/images/catalog/productImages/34/5011941622034/5011941622034_L.jpeg,3,4,cat
Butcher's Original Tripe & Beef 6x400g Only £3.00: Save 50p £3.00/unit £1.25/kg Quantity,http://c2.sainsburys.co.uk/wcsstore7.09.2.52/ExtendedSitesCatalogAssetStore/images/catalog/productImages/17/5011941100617/5011941100617_L.jpeg,2,7,cat
Butcher's Original Tripe & Chicken 4x1.2kg £5.50/unit £1.15/kg Quantity,http://c2.sainsburys.co.uk/wcsstore7.09.2.52/ExtendedSitesCatalogAssetStore/images/catalog/productImages/38/5011941116038/5011941116038_L.jpeg,1,12,cat
"Butcher's Original Tripe, Chicken & Beef 12x400g Only £5.50: Save 35p £5.50/unit £1.15/kg Quantity",http://c2.sainsburys.co.uk/wcsstore7.09.2.52/ExtendedSitesCatalogAssetStore/images/catalog/productImages/57/5011941744057/5011941744057_L.jpeg,2,15,cat
Butcher's Puppy Variety In Jelly 6x400g Only £3.00: Save 50p £3.00/unit £1.25/kg Quantity,http://c2.sainsburys.co.uk/wcsstore7.09.2.52/ExtendedSitesCatalogAssetStore/images/catalog/productImages/69/5011941442069/5011941442069_L.jpeg,2,3,cat
Butcher's Recipes Loaf In Jelly 6x390g Only £3.00: Save 50p £3.00/unit £1.29/kg Quantity,http://c2.sainsburys.co.uk/wcsstore7.09.2.52/ExtendedSitesCatalogAssetStore/images/catalog/productImages/34/5011941820034/5011941820034_L.jpeg,4,12,cat
Butcher's Rustic Feasts In Jelly 6x400g Only £3.00: Save 50p £3.00/unit £1.25/kg Quantity,http://c2.sainsburys.co.uk/wcsstore7.09.2.52/ExtendedSitesCatalogAssetStore/images/catalog/productImages/98/5011941401998/5011941401998_L.jpeg,3,18,cat
"Butcher's Senior Loaf In Jelly, Variety 6x390g Only £3.00: Save 50p £3.00/unit £1.29/kg Quantity",http://c2.sainsburys.co.uk/wcsstore7.09.2.52/ExtendedSitesCatalogAssetStore/images/catalog/productImages/12/5011941123012/5011941123012_L.jpeg,2,11,cat
Butcher's Simply Gentle 6x400g Only £3.00: Save 50p £3.00/unit £1.29/kg Quantity,http://c2.sainsburys.co.uk/wcsstore7.09.2.52/ExtendedSitesCatalogAssetStore/images/catalog/productImages/50/5011792000050/5011792000050_L.jpeg,3,17,cat
Butcher's Succulent Feasts x12 Only £5.50: Save 35p £5.50/unit £1.15/kg Quantity,http://c2.sainsburys.co.uk/wcsstore7.09.2.52/ExtendedSitesCatalogAssetStore/images/catalog/productImages/16/5011941477016/5011941477016_L.jpeg,4,15,cat
Butcher's Superior Chunks In Gravy 6x400g £4.00/unit £1.67/kg Quantity,http://c2.sainsburys.co.uk/wcsstore7.09.2.52/ExtendedSitesCatalogAssetStore/images/catalog/productImages/36/5011941615036/5011941615036_L.jpeg,3,16,cat
Butcher's Superior Chunks In Jelly 6x400g £4.00/unit £1.67/kg Quantity,http://c2.sainsburys.co.uk/wcsstore7.09.2.52/ExtendedSitesCatalogAssetStore/images/catalog/productImages/60/5011941432060/5011941432060_L.jpeg,2,14,cat
Butcher's Supreme Feasts In Jelly 6x400g Only £3.00: Save 50p £3.00/unit £1.25/kg Quantity,http://c2.sainsburys.co.uk/wcsstore7.09.2.52/ExtendedSitesCatalogAssetStore/images/catalog/productImages/69/5011941439069/5011941439069_L.jpeg,3,8,cat
Butcher's Surf & Turf in Jelly 6x400g Only £3.00: Save 50p £3.00/unit £1.25/kg Quantity,http://c2.sainsburys.co.uk/wcsstore7.09.2.52/ExtendedSitesCatalogAssetStore/images/catalog/productImages/98/5011792000098/5011792000098_L.jpeg,4,3,cat
Butcher's Tasty Tripe In Jelly 6x400g Only £3.00: Save 35p £3.00/unit £1.25/kg Quantity,http://c2.sainsburys.co.uk/wcsstore7.09.2.52/ExtendedSitesCatalogAssetStore/images/catalog/productImages/64/5011941463064/5011941463064_L.jpeg,2,12,cat
Butcher's Tasty Tripe Trays 4x150g Only £1.75: Save 25p £1.75/unit £2.91/kg Quantity,http://c2.sainsburys.co.uk/wcsstore7.09.2.52/ExtendedSitesCatalogAssetStore/images/catalog/productImages/80/5011941977080/5011941977080_L.jpeg,2,11,cat
Butcher's Tripe & Chicken In Jelly 400g £0.60/unit £1.50/kg Quantity,http://c2.sainsburys.co.uk/wcsstore7.09.2.52/ExtendedSitesCatalogAssetStore/images/catalog/productImages/82/5011941018882/5011941018882_L.jpeg,1,9,cat
Butcher's Tripe Mix 400g £0.60/unit £1.50/kg Quantity,http://c2.sainsburys.co.uk/wcsstore7.09.2.52/ExtendedSitesCatalogAssetStore/images/catalog/productImages/04/5011941011104/5011941011104_L.jpeg,1,17,cat
Butcher's Tripe Mix In Jelly 1.2kg £1.60/unit £1.33/kg Quantity Reviews (1),http://c2.sainsburys.co.uk/wcsstore7.09.2.52/ExtendedSitesCatalogAssetStore/images/catalog/productImages/71/5011941070071/5011941070071_L.jpeg,3,11,cat
Cesar Chef's Choice Chicken & Vegetable Tray 150g £0.70/unit £4.67/kg Quantity Reviews (1),http://c2.sainsburys.co.uk/wcsstore7.09.2.52/ExtendedSitesCatalogAssetStore/images/catalog/productImages/67/3065890115767/3065890115767_L.jpeg,1,18,cat
Cesar Classics Lamb & Chicken In Jelly Tray 150g £0.70/unit £4.67/kg Quantity Reviews (1),http://c2.sainsburys.co.uk/wcsstore7.09.2.52/ExtendedSitesCatalogAssetStore/images/catalog/productImages/24/5000166053624/5000166053624_L.jpeg,3,18,cat
Cesar Classics Rabbit & Heart Tray 150g £0.70/unit £4.67/kg Quantity,http://c2.sainsburys.co.uk/wcsstore7.09.2.52/ExtendedSitesCatalogAssetStore/images/catalog/productImages/93/0000050166893/0000050166893_L.jpeg,4,8,cat
Cesar Classics Selection Tray 8x150g Only £4.00: Save 50p £4.00/unit £3.33/kg Quantity,http://c2.sainsburys.co.uk/wcsstore7.09.2.52/ExtendedSitesCatalogAssetStore/images/catalog/productImages/90/4008429061790/4008429061790_L.jpeg,4,13,cat
"Cesar Classics, Chicken & Turkey Tray 150g £0.70/unit £4.67/kg Quantity",http://c2.sainsburys.co.uk/wcsstore7.09.2.52/ExtendedSitesCatalogAssetStore/images/catalog/productImages/17/0000050166817/0000050166817_L.jpeg,1,4,cat
"Cesar Classics, Mixed Selection 4x150g £2.50/unit £4.17/kg Quantity",http://c2.sainsburys.co.uk/wcsstore7.09.2.52/ExtendedSitesCatalogAssetStore/images/catalog/productImages/21/3065890121621/3065890121621_L.jpeg,2,9,cat
"Cesar Classics, Turkey & Lamb Tray 150g £0.70/unit £4.67/kg Quantity",http://c2.sainsburys.co.uk/wcsstore7.09.2.52/ExtendedSitesCatalogAssetStore/images/catalog/productImages/86/0000050166886/0000050166886_L.jpeg,4,12,cat
"Cesar Country Kitchen Beef, Pasta & Carrots Tray 150g £0.70/unit £4.67/kg Quantity",http://c2.sainsburys.co.uk/wcsstore7.09.2.52/ExtendedSitesCatalogAssetStore/images/catalog/productImages/63/3065890104563/3065890104563_L.jpeg,1,19,cat
Cesar Country Kitchen Chicken & Wholewheat Tray 150g £0.70/unit £4.67/kg Quantity,http://c2.sainsburys.co.uk/wcsstore7.09.2.52/ExtendedSitesCatalogAssetStore/images/catalog/productImages/36/3065890121836/3065890121836_L.jpeg,3,13,cat
Cesar Country Kitchen Lamb Strips & Garden Vegetable Tray 150g £0.70/unit £4.67/kg Quantity,http://c2.sainsburys.co.uk/wcsstore7.09.2.52/ExtendedSitesCatalogAssetStore/images/catalog/productImages/49/3065890104549/3065890104549_L.jpeg,1,19,cat
Cesar Country Kitchen Special Selection Trays 4x150g £2.50/unit £4.17/kg Quantity,http://c2.sainsburys.co.uk/wcsstore7.09.2.52/ExtendedSitesCatalogAssetStore/images/catalog/productImages/45/3065890121645/3065890121645_L.jpeg,1,16,cat
Cesar Country Kitchen Tray 8x150g Only £4.00: Save 50p £4.00/unit £3.33/kg Quantity,http://c2.sainsburys.co.uk/wcsstore7.09.2.52/ExtendedSitesCatalogAssetStore/images/catalog/productImages/44/4008429061844/4008429061844_L.jpeg,2,17,cat
"Cesar Country Kitchen, Beef & Turkey 150g £0.70/unit £4.67/kg Quantity",http://c2.sainsburys.co.uk/wcsstore7.09.2.52/ExtendedSitesCatalogAssetStore/images/catalog/productImages/31/5000166053631/5000166053631_L.jpeg,2,17,cat
"Cesar Country Kitchen, Turkey & Brown Rice 150g £0.70/unit £4.67/kg Quantity",http://c2.sainsburys.co.uk/wcsstore7.09.2.52/ExtendedSitesCatalogAssetStore/images/catalog/productImages/67/3065890121867/3065890121867_L.jpeg,2,7,cat
Cesar Garden Selection Chicken & Vegetable 150g £0.70/unit £4.67/kg Quantity,http://c2.sainsburys.co.uk/wcsstore7.09.2.52/ExtendedSitesCatalogAssetStore/images/catalog/productImages/28/3065890114128/3065890114128_L.jpeg,4,12,cat
"Cesar Pouches, Deliciously Fresh In Jelly 4x100g Only £1.50: Save 25p £1.50/unit £3.75/kg Quantity",http://c2.sainsburys.co.uk/wcsstore7.09.2.52/ExtendedSitesCatalogAssetStore/images/catalog/productImages/77/5900951253577/5900951253577_L.jpeg,1,18,cat
"Cesar Pouches, Deliciously Fresh In Sauce 4x100g Only £1.50: Save 25p £1.50/unit £3.75/kg Quantity",http://c2.sainsburys.co.uk/wcsstore7.09.2.52/ExtendedSitesCatalogAssetStore/images/catalog/productImages/53/5900951253553/5900951253553_L.jpeg,4,9,cat
"Cesar Pouches, Deliciously Fresh In Sauce 8x100g £3.35/unit £4.19/kg Quantity",http://c2.sainsburys.co.uk/wcsstore7.09.2.52/ExtendedSitesCatalogAssetStore/images/catalog/productImages/54/4008429074554/4008429074554_L.jpeg,3,4,cat
"Cesar Pouches, Deliciously Fresh Senior 8x100g £3.35/unit £4.19/kg Quantity Reviews (1)",http://c2.sainsburys.co.uk/wcsstore7.09.2.52/ExtendedSitesCatalogAssetStore/images/catalog/productImages/61/4008429074561/4008429074561_L.jpeg,2,13,cat
Cesar Puppy Chicken & Rice Topping 100g £0.70/unit £7.00/kg Quantity,http://c2.sainsburys.co.uk/wcsstore7.09.2.52/ExtendedSitesCatalogAssetStore/images/catalog/productImages/14/5000166141314/5000166141314_L.jpeg,1,5,cat
Go-Cat Crunchy & Tender Beef & Chicken With Vegetables 800g Only £2.00: Save £1.15 £2.00/unit £2.50/kg Quantity Reviews (1),http://c2.sainsburys.co.uk/wcsstore7.09.2.52/ExtendedSitesCatalogAssetStore/images/catalog/productImages/53/7613034059253/7613034059253_L.jpeg,2,12,cat
Go-cat Crunchy & Tender Beef & Vegetable 1.5kg £5.10/unit £3.40/kg Quantity,http://c2.sainsburys.co.uk/wcsstore7.09.2.52/ExtendedSitesCatalogAssetStore/images/catalog/productImages/21/7613034560421/7613034560421_L.jpeg,4,5,cat
Go-cat Crunchy & Tender Chicken Turkey & Vegetable 375g £1.50/unit £4.00/kg Quantity,http://c2.sainsburys.co.uk/wcsstore7.09.2.52/ExtendedSitesCatalogAssetStore/images/catalog/productImages/54/7613034428554/7613034428554_L.jpeg,2,13,cat
Go-Cat Crunchy & Tender Salmon & Tuna With Vegetables 800g Only £2.00: Save £1.15 £2.00/unit £2.50/kg Quantity,http://c2.sainsburys.co.uk/wcsstore7.09.2.52/ExtendedSitesCatalogAssetStore/images/catalog/productImages/31/7613034058331/7613034058331_L.jpeg,3,18,cat
Go-cat Crunchy & Tender Salmon 1.5kg £5.10/unit £3.40/kg Quantity,http://c2.sainsburys.co.uk/wcsstore7.09.2.52/ExtendedSitesCatalogAssetStore/images/catalog/productImages/04/7613034560704/7613034560704_L.jpeg,1,14,cat
Go-Cat Crunchy & Tender Salmon 375g £1.50/unit £4.00/kg Quantity Reviews (1),http://c2.sainsburys.co.uk/wcsstore7.09.2.52/ExtendedSitesCatalogAssetStore/images/catalog/productImages/31/7613034059031/7613034059031_L.jpeg,1,3,cat
Go-Cat Indoor Cats Chicken & Garden Greens 825g £2.70/unit £3.27/kg Quantity,http://c2.sainsburys.co.uk/wcsstore7.09.2.52/ExtendedSitesCatalogAssetStore/images/catalog/productImages/20/7613034648020/7613034648020_L.jpeg,3,4,cat
"Go-cat Kitten, Crunchy & Tender 800g Only £2.00: Save £1.00 £2.00/unit £2.50/kg Quantity",http://c2.sainsburys.co.uk/wcsstore7.09.2.52/ExtendedSitesCatalogAssetStore/images/catalog/productImages/48/7613034966148/7613034966148_L.jpeg,2,7,cat
"Go-Cat Kittens Chicken, Milk & Vegetables 825g £2.70/unit £3.27/kg Quantity",http://c2.sainsburys.co.uk/wcsstore7.09.2.52/ExtendedSitesCatalogAssetStore/images/catalog/productImages/57/7613034648457/7613034648457_L.jpeg,1,17,cat
"Go-Cat Senior Chicken, Rice & Vegetables 2kg £4.50/unit £2.25/kg Quantity",http://c2.sainsburys.co.uk/wcsstore7.09.2.52/ExtendedSitesCatalogAssetStore/images/catalog/productImages/10/7613032256210/7613032256210_L.jpeg,4,14,cat
Gourmet Gold Beef In Gravy 85g £0.50/unit £5.88/kg Quantity,http://c2.sainsburys.co.uk/wcsstore7.09.2.52/ExtendedSitesCatalogAssetStore/images/catalog/productImages/44/7613031330744/7613031330744_L.jpeg,4,16,cat
Gourmet Gold Chicken & Liver In Gravy 85g £0.50/unit £5.88/kg Quantity,http://c2.sainsburys.co.uk/wcsstore7.09.2.52/ExtendedSitesCatalogAssetStore/images/catalog/productImages/09/7613032948009/7613032948009_L.jpeg,4,14,cat
Gourmet Gold Double Delicacies 12x85g Only £4.00: Save 80p £4.00/unit £3.92/kg Quantity Reviews (1),http://c2.sainsburys.co.uk/wcsstore7.09.2.52/ExtendedSitesCatalogAssetStore/images/catalog/productImages/65/7613031389865/7613031389865_L.jpeg,4,14,cat
Gourmet Gold Gravy Collection 12x85g Only £4.00: Save 80p £4.00/unit £3.92/kg Quantity,http://c2.sainsburys.co.uk/wcsstore7.09.2.52/ExtendedSitesCatalogAssetStore/images/catalog/productImages/56/7613032959456/7613032959456_L.jpeg,2,9,cat
Gourmet Gold Ocean Fish PÌ¢tÌ© 85g £0.50/unit £5.88/kg Quantity,http://c2.sainsburys.co.uk/wcsstore7.09.2.52/ExtendedSitesCatalogAssetStore/images/catalog/productImages/08/0000050500208/0000050500208_L.jpeg,3,16,cat
Gourmet Gold PÌ¢tÌ© Recipes 12x85g Only £4.00: Save 80p £4.00/unit £3.92/kg Quantity,http://c2.sainsburys.co.uk/wcsstore7.09.2.52/ExtendedSitesCatalogAssetStore/images/catalog/productImages/13/5000161027613/5000161027613_L.jpeg,1,15,cat
Gourmet Gold PÌ¢tÌ© With Chicken 85g £0.50/unit £5.88/kg Quantity,http://c2.sainsburys.co.uk/wcsstore7.09.2.52/ExtendedSitesCatalogAssetStore/images/catalog/productImages/22/7613032946722/7613032946722_L.jpeg,2,19,cat
Gourmet Gold Salmon & Chicken 85g £0.50/unit £5.88/kg Quantity,http://c2.sainsburys.co.uk/wcsstore7.09.2.52/ExtendedSitesCatalogAssetStore/images/catalog/productImages/81/7613032380281/7613032380281_L.jpeg,1,8,cat
Gourmet Gold Salmon Terrine 85g £0.50/unit £5.88/kg Quantity,http://c2.sainsburys.co.uk/wcsstore7.09.2.52/ExtendedSitesCatalogAssetStore/images/catalog/productImages/43/0000050562343/0000050562343_L.jpeg,3,9,cat
Gourmet Gold Senior PÌ¢tÌ© Recipe Beef 85g £0.50/unit £5.88/kg Quantity,http://c2.sainsburys.co.uk/wcsstore7.09.2.52/ExtendedSitesCatalogAssetStore/images/catalog/productImages/67/7613033634567/7613033634567_L.jpeg,1,7,cat
Gourmet Gold Senior PÌ¢tÌ© Recipe Fish 85g £0.50/unit £5.88/kg Quantity,http://c2.sainsburys.co.uk/wcsstore7.09.2.52/ExtendedSitesCatalogAssetStore/images/catalog/productImages/98/7613033634598/7613033634598_L.jpeg,3,12,cat
Gourmet Gold Senior PÌ¢tÌ© Selection 12x85g Only £4.00: Save 80p £4.00/unit £3.92/kg Quantity Reviews (2),http://c2.sainsburys.co.uk/wcsstore7.09.2.52/ExtendedSitesCatalogAssetStore/images/catalog/productImages/43/7613033761843/7613033761843_L.jpeg,3,3,cat
Gourmet Gold Turkey & Duck In Gravy 85g £0.50/unit £5.88/kg Quantity,http://c2.sainsburys.co.uk/wcsstore7.09.2.52/ExtendedSitesCatalogAssetStore/images/catalog/productImages/53/7613032946753/7613032946753_L.jpeg,2,7,cat
Gourmet Gold Turkey PÌ¢tÌ© 85g £0.50/unit £5.88/kg Quantity,http://c2.sainsburys.co.uk/wcsstore7.09.2.52/ExtendedSitesCatalogAssetStore/images/catalog/productImages/51/0000050487851/0000050487851_L.jpeg,3,16,cat
"Gourmet Mon Petit with Beef, Chicken & Lamb 6x50g £2.00/unit £6.67/kg Quantity",http://c2.sainsburys.co.uk/wcsstore7.09.2.52/ExtendedSitesCatalogAssetStore/images/catalog/productImages/99/7613034648099/7613034648099_L.jpeg,1,15,cat
"Gourmet Mon Petit with Duck, Chicken & Turkey 6x50g £2.00/unit £6.67/kg Quantity",http://c2.sainsburys.co.uk/wcsstore7.09.2.52/ExtendedSitesCatalogAssetStore/images/catalog/productImages/24/7613034582324/7613034582324_L.jpeg,4,15,cat
"Gourmet Mon Petit with Tuna, Salmon & Trout 6x50g £2.00/unit £6.67/kg Quantity",http://c2.sainsburys.co.uk/wcsstore7.09.2.52/ExtendedSitesCatalogAssetStore/images/catalog/productImages/54/7613034582454/7613034582454_L.jpeg,2,7,cat
"Gourmet Mon Petit, Fish 6x50g £2.00/unit £6.67/kg Quantity",http://c2.sainsburys.co.uk/wcsstore7.09.2.52/ExtendedSitesCatalogAssetStore/images/catalog/productImages/02/7613035023802/7613035023802_L.jpeg,2,17,cat
"Gourmet Mon Petit, with Meat 6x50g £2.00/unit £6.67/kg Quantity",http://c2.sainsburys.co.uk/wcsstore7.09.2.52/ExtendedSitesCatalogAssetStore/images/catalog/productImages/40/7613035023840/7613035023840_L.jpeg,1,10,cat
Gourmet Perle Chef's Collection 12x85g Only £3.50: Save £1.30 £3.50/unit £3.43/kg Quantity,http://c2.sainsburys.co.uk/wcsstore7.09.2.52/ExtendedSitesCatalogAssetStore/images/catalog/productImages/70/5000161030170/5000161030170_L.jpeg,1,14,cat
Gourmet Perle Connoisseur 12x85g Only £3.50: Save £1.30 £3.50/unit £3.43/kg Quantity Reviews (1),http://c2.sainsburys.co.uk/wcsstore7.09.2.52/ExtendedSitesCatalogAssetStore/images/catalog/productImages/63/5000161030163/5000161030163_L.jpeg,2,3,cat
Gourmet Perle Country Medley 12x85g Only £3.50: Save £1.30 £3.50/unit £3.43/kg Quantity Reviews (1),http://c2.sainsburys.co.uk/wcsstore7.09.2.52/ExtendedSitesCatalogAssetStore/images/catalog/productImages/62/7613032213862/7613032213862_L.jpeg,1,14,cat
Gourmet Perle Delicate Meat Duos 12x85g Only £3.50: Save £1.30 £3.50/unit £3.43/kg Quantity Reviews (1),http://c2.sainsburys.co.uk/wcsstore7.09.2.52/ExtendedSitesCatalogAssetStore/images/catalog/productImages/65/7613033581465/7613033581465_L.jpeg,3,9,cat
Gourmet Perle Mini Chicken Fillet In Gravy Pouch 85g Only 40p: Save 10p £0.40/unit £4.70/kg Quantity,http://c2.sainsburys.co.uk/wcsstore7.09.2.52/ExtendedSitesCatalogAssetStore/images/catalog/productImages/49/5000161030149/5000161030149_L.jpeg,4,6,cat
"Gourmet Perle Mini Fillets With Beef, Pouch 85g Only 40p: Save 10p £0.40/unit £4.70/kg Quantity",http://c2.sainsburys.co.uk/wcsstore7.09.2.52/ExtendedSitesCatalogAssetStore/images/catalog/productImages/56/5000161030156/5000161030156_L.jpeg,3,17,cat
Gourmet Perle Ocean Pouches 12x85g Only £3.50: Save £1.30 £3.50/unit £3.43/kg Quantity Reviews (1),http://c2.sainsburys.co.uk/wcsstore7.09.2.52/ExtendedSitesCatalogAssetStore/images/catalog/productImages/16/7613030955016/7613030955016_L.jpeg,3,8,cat
Gourmet Perle Seaside Duo 12x85g Only £3.50: Save £1.30 £3.50/unit £3.43/kg Quantity Reviews (1),http://c2.sainsburys.co.uk/wcsstore7.09.2.52/ExtendedSitesCatalogAssetStore/images/catalog/productImages/41/7613033581441/7613033581441_L.jpeg,2,6,cat
Gourmet Perle Tuna & Shrimp Pouch 85g Only 40p: Save 10p £0.40/unit £4.70/kg Quantity,http://c2.sainsburys.co.uk/wcsstore7.09.2.52/ExtendedSitesCatalogAssetStore/images/catalog/productImages/07/7613032266707/7613032266707_L.jpeg,4,13,cat
Gourmet Solitaire Beef & Tomato 85g £0.65/unit £7.65/kg Quantity,http://c2.sainsburys.co.uk/wcsstore7.09.2.52/ExtendedSitesCatalogAssetStore/images/catalog/productImages/80/7613032261580/7613032261580_L.jpeg,3,18,cat
Gourmet Solitaire Chicken In Sauce 85g £0.65/unit £7.65/kg Quantity,http://c2.sainsburys.co.uk/wcsstore7.09.2.52/ExtendedSitesCatalogAssetStore/images/catalog/productImages/72/7613031470372/7613031470372_L.jpeg,1,12,cat
Gourmet Solitaire Duck & Vegetables 85g £0.65/unit £7.65/kg Quantity,http://c2.sainsburys.co.uk/wcsstore7.09.2.52/ExtendedSitesCatalogAssetStore/images/catalog/productImages/81/7613031468881/7613031468881_L.jpeg,2,3,cat
Gourmet Solitaire Rabbit In Sauce 85g £0.65/unit £7.65/kg Quantity,http://c2.sainsburys.co.uk/wcsstore7.09.2.52/ExtendedSitesCatalogAssetStore/images/catalog/productImages/90/7613031670390/7613031670390_L.jpeg,3,10,cat
Gourmet Solitaire Turkey In Sauce 85g £0.65/unit £7.65/kg Quantity,http://c2.sainsburys.co.uk/wcsstore7.09.2.52/ExtendedSitesCatalogAssetStore/images/catalog/productImages/69/7613031670369/7613031670369_L.jpeg,1,4,cat
Gourmet ÌÛ la Carte Chef Collection 8x85g £4.00/unit £5.88/kg Quantity,http://c2.sainsburys.co.uk/wcsstore7.09.2.52/ExtendedSitesCatalogAssetStore/images/catalog/productImages/94/7613033465994/7613033465994_L.jpeg,2,7,cat
Gourmet ÌÛ la Carte Chef Recipes 8x85g £4.00/unit £5.88/kg Quantity,http://c2.sainsburys.co.uk/wcsstore7.09.2.52/ExtendedSitesCatalogAssetStore/images/catalog/productImages/49/7613033465949/7613033465949_L.jpeg,3,6,cat
"Harringtons Cat, Salmon & Rice 425g Only £1.00: Save 50p £1.00/unit £2.35/kg Quantity Reviews (1)",http://c2.sainsburys.co.uk/wcsstore7.09.2.52/ExtendedSitesCatalogAssetStore/images/catalog/productImages/72/5013919001872/5013919001872_L.jpeg,4,4,cat
"Harringtons Dry Cat Food, Chicken & Rice 2kg £5.00/unit £2.50/kg Quantity",http://c2.sainsburys.co.uk/wcsstore7.09.2.52/ExtendedSitesCatalogAssetStore/images/catalog/productImages/76/5013919001476/5013919001476_L.jpeg,4,12,cat
"Harringtons Dry Cat Food, Chicken & Rice 425g Only £1.00: Save 50p £1.00/unit £2.35/kg Quantity Reviews (1)",http://c2.sainsburys.co.uk/wcsstore7.09.2.52/ExtendedSitesCatalogAssetStore/images/catalog/productImages/65/5013919001865/5013919001865_L.jpeg,3,18,cat
"Harringtons Dry Cat Food, Salmon & Rice 2kg £5.00/unit £2.50/kg Quantity",http://c2.sainsburys.co.uk/wcsstore7.09.2.52/ExtendedSitesCatalogAssetStore/images/catalog/productImages/83/5013919001483/5013919001483_L.jpeg,2,4,cat
"Iams Adult Cat Food, Lamb 3kg Only £10.00: Save £4.50 £10.00/unit £3.33/kg Quantity",http://c2.sainsburys.co.uk/wcsstore7.09.2.52/ExtendedSitesCatalogAssetStore/images/catalog/productImages/96/8710974800996/8710974800996_L.jpeg,1,17,cat
"Iams Adult Cat, Chicken 300g Buy any 2 for £3.00 £2.00/unit £6.67/kg Quantity",http://c2.sainsburys.co.uk/wcsstore7.09.2.52/ExtendedSitesCatalogAssetStore/images/catalog/productImages/15/8710974801115/8710974801115_L.jpeg,3,9,cat
"Iams Adult Cat, Chicken 3kg Only £10.00: Save £4.50 £10.00/unit £3.33/kg Quantity",http://c2.sainsburys.co.uk/wcsstore7.09.2.52/ExtendedSitesCatalogAssetStore/images/catalog/productImages/39/8710974801139/8710974801139_L.jpeg,4,8,cat
"Iams Adult Cat, Chicken 800g £4.50/unit £5.63/kg Quantity",http://c2.sainsburys.co.uk/wcsstore7.09.2.52/ExtendedSitesCatalogAssetStore/images/catalog/productImages/39/8710974969839/8710974969839_L.jpeg,1,14,cat
"Iams Adult Cat, Lamb 300g Buy any 2 for £3.00 £2.00/unit £6.67/kg Quantity",http://c2.sainsburys.co.uk/wcsstore7.09.2.52/ExtendedSitesCatalogAssetStore/images/catalog/productImages/72/8710974800972/8710974800972_L.jpeg,4,3,cat
"Iams Adult Cat, Lamb 800g £4.50/unit £5.63/kg Quantity",http://c2.sainsburys.co.uk/wcsstore7.09.2.52/ExtendedSitesCatalogAssetStore/images/catalog/productImages/48/8710974909248/8710974909248_L.jpeg,3,13,cat
"Iams Adult Cat, Light Chicken 700g £4.50/unit £6.43/kg Quantity Reviews (1)",http://c2.sainsburys.co.uk/wcsstore7.09.2.52/ExtendedSitesCatalogAssetStore/images/catalog/productImages/47/8710974970347/8710974970347_L.jpeg,2,5,cat
"Iams Adult Cat, Ocean Fish 3kg Only £10.00: Save £4.50 £10.00/unit £3.33/kg Quantity",http://c2.sainsburys.co.uk/wcsstore7.09.2.52/ExtendedSitesCatalogAssetStore/images/catalog/productImages/61/8710974801061/8710974801061_L.jpeg,4,19,cat
"Iams Adult Cat, Ocean Fish 800g £4.50/unit £5.63/kg Quantity",http://c2.sainsburys.co.uk/wcsstore7.09.2.52/ExtendedSitesCatalogAssetStore/images/catalog/productImages/33/8710974970033/8710974970033_L.jpeg,2,11,cat
"Iams Adult Cat, Salmon 3kg Only £10.00: Save £4.50 £10.00/unit £3.33/kg Quantity",http://c2.sainsburys.co.uk/wcsstore7.09.2.52/ExtendedSitesCatalogAssetStore/images/catalog/productImages/93/5000174656893/5000174656893_L.jpeg,2,13,cat
"Iams Adult Cat, Salmon 800g £4.50/unit £5.63/kg Quantity",http://c2.sainsburys.co.uk/wcsstore7.09.2.52/ExtendedSitesCatalogAssetStore/images/catalog/productImages/94/8710974970194/8710974970194_L.jpeg,2,14,cat
"Iams Adult Cat, Wild Ocean Fish & Chicken 300g Buy any 2 for £3.00 £2.00/unit £6.67/kg Quantity",http://c2.sainsburys.co.uk/wcsstore7.09.2.52/ExtendedSitesCatalogAssetStore/images/catalog/productImages/47/8710974801047/8710974801047_L.jpeg,3,9,cat
Iams Adult Hairball Control Rich Cat Food Chicken 700g £4.50/unit £6.43/kg Quantity,http://c2.sainsburys.co.uk/wcsstore7.09.2.52/ExtendedSitesCatalogAssetStore/images/catalog/productImages/84/8710974969884/8710974969884_L.jpeg,2,5,cat
"Iams Cat Food, Light In Fat 2.55kg Only £10.00: Save £4.50 £10.00/unit £3.92/kg Quantity",http://c2.sainsburys.co.uk/wcsstore7.09.2.52/ExtendedSitesCatalogAssetStore/images/catalog/productImages/80/8710974915980/8710974915980_L.jpeg,3,9,cat
Iams Cat Senior Selection 10x100g £6.00/unit £6.00/kg Quantity,http://c2.sainsburys.co.uk/wcsstore7.09.2.52/ExtendedSitesCatalogAssetStore/images/catalog/productImages/39/5000174803839/5000174803839_L.jpeg,4,18,cat
"Iams Cat Senior, Fish & Chicken 300g Buy any 2 for £3.00 £2.00/unit £6.67/kg Quantity",http://c2.sainsburys.co.uk/wcsstore7.09.2.52/ExtendedSitesCatalogAssetStore/images/catalog/productImages/27/8710974929727/8710974929727_L.jpeg,3,11,cat
"Iams Kitten & Junior Cat Food, Chicken 700g £4.50/unit £6.43/kg Quantity",http://c2.sainsburys.co.uk/wcsstore7.09.2.52/ExtendedSitesCatalogAssetStore/images/catalog/productImages/85/8710974969785/8710974969785_L.jpeg,1,4,cat
"Iams Kitten & Junior Cat Food, Succulent Roast Chicken 300g Buy any 2 for £3.00 £2.00/unit £6.67/kg Quantity",http://c2.sainsburys.co.uk/wcsstore7.09.2.52/ExtendedSitesCatalogAssetStore/images/catalog/productImages/84/8710974801184/8710974801184_L.jpeg,4,5,cat
Iams Kitten Chicken Box 10x100g £6.00/unit £6.00/kg Quantity,http://c2.sainsburys.co.uk/wcsstore7.09.2.52/ExtendedSitesCatalogAssetStore/images/catalog/productImages/23/5000174803723/5000174803723_L.jpeg,1,3,cat
Iams Meat Selection In Jelly & Gravy 12x100g £6.00/unit £5.00/kg Quantity,http://c2.sainsburys.co.uk/wcsstore7.09.2.52/ExtendedSitesCatalogAssetStore/images/catalog/productImages/30/8710974821830/8710974821830_L.jpeg,1,17,cat
Iams Mixed Selection In Gravy 12x100g £6.00/unit £5.00/kg Quantity,http://c2.sainsburys.co.uk/wcsstore7.09.2.52/ExtendedSitesCatalogAssetStore/images/catalog/productImages/94/8710974821694/8710974821694_L.jpeg,2,16,cat
"Iams Senior & Mature Cat, Chicken 2.55kg Only £10.00: Save £4.50 £10.00/unit £3.92/kg Quantity Reviews (1)",http://c2.sainsburys.co.uk/wcsstore7.09.2.52/ExtendedSitesCatalogAssetStore/images/catalog/productImages/70/8710974908470/8710974908470_L.jpeg,3,10,cat
"Iams Senior & Mature Cat, Chicken 700g £4.50/unit £6.43/kg Quantity",http://c2.sainsburys.co.uk/wcsstore7.09.2.52/ExtendedSitesCatalogAssetStore/images/catalog/productImages/92/8710974970392/8710974970392_L.jpeg,3,12,cat
"Iams Senior Cat, Chicken 300g Buy any 2 for £3.00 £2.00/unit £6.67/kg Quantity",http://c2.sainsburys.co.uk/wcsstore7.09.2.52/ExtendedSitesCatalogAssetStore/images/catalog/productImages/20/8710974801320/8710974801320_L.jpeg,1,19,cat
"Iams Senior Cat, Ocean Fish 700g £4.50/unit £6.43/kg Quantity",http://c2.sainsburys.co.uk/wcsstore7.09.2.52/ExtendedSitesCatalogAssetStore/images/catalog/productImages/46/8710974970446/8710974970446_L.jpeg,2,6,cat
Purina ONE Adult Chicken & Whole Grains 200g £1.50/unit £7.50/kg Quantity,http://c2.sainsburys.co.uk/wcsstore7.09.2.52/ExtendedSitesCatalogAssetStore/images/catalog/productImages/84/7613034550484/7613034550484_L.jpeg,3,12,cat
Purina ONE Adult Chicken & Whole Grains 3kg £14.50/unit £4.83/kg Quantity Reviews (3),http://c2.sainsburys.co.uk/wcsstore7.09.2.52/ExtendedSitesCatalogAssetStore/images/catalog/productImages/25/8002205356625/8002205356625_L.jpeg,1,17,cat
Purina ONE Adult Chicken & Whole Grains 800g £5.00/unit £6.25/kg Quantity Reviews (1),http://c2.sainsburys.co.uk/wcsstore7.09.2.52/ExtendedSitesCatalogAssetStore/images/catalog/productImages/32/8002205356632/8002205356632_L.jpeg,3,15,cat
Purina ONE Adult Fish and Lamb In Gravy 8x85g Only £3.00: Save £1.00 £3.00/unit £4.41/kg Quantity,http://c2.sainsburys.co.uk/wcsstore7.09.2.52/ExtendedSitesCatalogAssetStore/images/catalog/productImages/65/7613034474865/7613034474865_L.jpeg,2,6,cat
Purina ONE Adult Salmon & Whole Grains 200g £1.50/unit £7.50/kg Quantity,http://c2.sainsburys.co.uk/wcsstore7.09.2.52/ExtendedSitesCatalogAssetStore/images/catalog/productImages/32/7613034551832/7613034551832_L.jpeg,1,18,cat
Purina ONE Adult Salmon & Whole Grains 3kg £14.50/unit £4.83/kg Quantity,http://c2.sainsburys.co.uk/wcsstore7.09.2.52/ExtendedSitesCatalogAssetStore/images/catalog/productImages/49/8002205356649/8002205356649_L.jpeg,2,8,cat
Purina ONE Adult Salmon & Whole Grains 800g £5.00/unit £6.25/kg Quantity,http://c2.sainsburys.co.uk/wcsstore7.09.2.52/ExtendedSitesCatalogAssetStore/images/catalog/productImages/56/8002205356656/8002205356656_L.jpeg,1,3,cat
Purina ONE Chicken & Beef Pouches 8x85g Only £3.00: Save £1.00 £3.00/unit £4.41/kg Quantity,http://c2.sainsburys.co.uk/wcsstore7.09.2.52/ExtendedSitesCatalogAssetStore/images/catalog/productImages/89/7613034474889/7613034474889_L.jpeg,2,13,cat
Purina One Coat & Hairball Chicken 800g £5.00/unit £6.25/kg Quantity,http://c2.sainsburys.co.uk/wcsstore7.09.2.52/ExtendedSitesCatalogAssetStore/images/catalog/productImages/90/7613034015990/7613034015990_L.jpeg,3,18,cat
Purina ONE Indoor Formula In Gravy 8x85g Only £3.00: Save £1.00 £3.00/unit £4.41/kg Quantity Reviews (1),http://c2.sainsburys.co.uk/wcsstore7.09.2.52/ExtendedSitesCatalogAssetStore/images/catalog/productImages/28/7613034474728/7613034474728_L.jpeg,4,14,cat
Purina ONE Indoor Turkey 800g £5.00/unit £6.25/kg Quantity Reviews (1),http://c2.sainsburys.co.uk/wcsstore7.09.2.52/ExtendedSitesCatalogAssetStore/images/catalog/productImages/79/7613032543679/7613032543679_L.jpeg,1,9,cat
Purina One Kitten & Junior 800g £5.00/unit £6.25/kg Quantity,http://c2.sainsburys.co.uk/wcsstore7.09.2.52/ExtendedSitesCatalogAssetStore/images/catalog/productImages/68/7613032590468/7613032590468_L.jpeg,1,16,cat
Purina ONE Light Chicken & Wheat 800g £5.00/unit £6.25/kg Quantity,http://c2.sainsburys.co.uk/wcsstore7.09.2.52/ExtendedSitesCatalogAssetStore/images/catalog/productImages/31/7613033141331/7613033141331_L.jpeg,1,4,cat
Purina One Neutered Cat Chicken 800g £5.00/unit £6.25/kg Quantity,http://c2.sainsburys.co.uk/wcsstore7.09.2.52/ExtendedSitesCatalogAssetStore/images/catalog/productImages/30/7613033786730/7613033786730_L.jpeg,3,10,cat
Purina ONE Senior Chicken & Whole Grains 800g £5.00/unit £6.25/kg Quantity,http://c2.sainsburys.co.uk/wcsstore7.09.2.52/ExtendedSitesCatalogAssetStore/images/catalog/productImages/74/7613033370274/7613033370274_L.jpeg,3,19,cat
Purina ONE Senior In Gravy Pouches 8x85g Only £3.00: Save £1.00 £3.00/unit £4.41/kg Quantity,http://c2.sainsburys.co.uk/wcsstore7.09.2.52/ExtendedSitesCatalogAssetStore/images/catalog/productImages/72/7613034475572/7613034475572_L.jpeg,4,4,cat
Cesar Senior Tray In Jelly 4x150g £2.50/unit £4.17/kg Quantity,http://c2.sainsburys.co.uk/wcsstore7.09.2.52/ExtendedSitesCatalogAssetStore/images/catalog/productImages/24/5000166056724/5000166056724_L.jpeg,1,15,cat
Chappie Chicken & Rice 825g £1.25/unit £1.52/kg Quantity,http://c2.sainsburys.co.uk/wcsstore7.09.2.52/ExtendedSitesCatalogAssetStore/images/catalog/productImages/38/5000166035538/5000166035538_L.jpeg,2,9,cat
Chappie Favourites Variety 6x412g £3.35/unit £1.36/kg Quantity Reviews (2),http://c2.sainsburys.co.uk/wcsstore7.09.2.52/ExtendedSitesCatalogAssetStore/images/catalog/productImages/92/5000166068192/5000166068192_L.jpeg,3,19,cat
Chappie Original 1.26kg £1.60/unit £1.27/kg Quantity,http://c2.sainsburys.co.uk/wcsstore7.09.2.52/ExtendedSitesCatalogAssetStore/images/catalog/productImages/83/5000166001083/5000166001083_L.jpeg,4,19,cat
Chappie Original 825g £1.25/unit £1.52/kg Quantity,http://c2.sainsburys.co.uk/wcsstore7.09.2.52/ExtendedSitesCatalogAssetStore/images/catalog/productImages/07/5000166001007/5000166001007_L.jpeg,4,15,cat
"Denes Adult Dog Dry Dog Food, Chicken with Duck & Vegetable 2.5kg Only £5.50: Save £2.00 £5.50/unit £2.20/kg Quantity",http://c2.sainsburys.co.uk/wcsstore7.09.2.52/ExtendedSitesCatalogAssetStore/images/catalog/productImages/47/5013821000147/5013821000147_L.jpeg,2,11,dog
Denes Chicken with Rabbit & Herbs 400g £1.00/unit £2.50/kg Quantity Reviews (1),http://c2.sainsburys.co.uk/wcsstore7.09.2.52/ExtendedSitesCatalogAssetStore/images/catalog/productImages/01/5013821102001/5013821102001_L.jpeg,3,7,cat
Denes Chicken with Tripe & Herbs 400g £1.00/unit £2.50/kg Quantity,http://c2.sainsburys.co.uk/wcsstore7.09.2.52/ExtendedSitesCatalogAssetStore/images/catalog/productImages/07/5013821100007/5013821100007_L.jpeg,3,17,cat
Denes Chicken with Vegetable & Herbs 400g £1.00/unit £2.50/kg Quantity,http://c2.sainsburys.co.uk/wcsstore7.09.2.52/ExtendedSitesCatalogAssetStore/images/catalog/productImages/52/5013821000352/5013821000352_L.jpeg,3,9,cat
"Denes Dry Dog Food, Chicken Turkey & Vegetable 2.5kg Only £5.50: Save £2.00 £5.50/unit £2.20/kg Quantity",http://c2.sainsburys.co.uk/wcsstore7.09.2.52/ExtendedSitesCatalogAssetStore/images/catalog/productImages/30/5013821000130/5013821000130_L.jpeg,2,4,dog
Encore Chicken Fillet 156g £1.25/unit £8.01/kg Quantity,http://c2.sainsburys.co.uk/wcsstore7.09.2.52/ExtendedSitesCatalogAssetStore/images/catalog/productImages/74/5060122492874/5060122492874_L.jpeg,3,3,cat
"Encore Dog Pouch, Chicken & Beef 150g £1.50/unit £10.00/kg Quantity",http://c2.sainsburys.co.uk/wcsstore7.09.2.52/ExtendedSitesCatalogAssetStore/images/catalog/productImages/27/5060333436827/5060333436827_L.jpeg,3,4,dog
"Encore Dog Pouch, Chicken & Vegetable 150g £1.50/unit £10.00/kg Quantity",http://c2.sainsburys.co.uk/wcsstore7.09.2.52/ExtendedSitesCatalogAssetStore/images/catalog/productImages/03/5060333436803/5060333436803_L.jpeg,2,14,dog
"Encore Dog Pouch, Deluxe Collection 5x100g £5.00/unit £10.00/kg Quantity Reviews (1)",http://c2.sainsburys.co.uk/wcsstore7.09.2.52/ExtendedSitesCatalogAssetStore/images/catalog/productImages/88/5060333436988/5060333436988_L.jpeg,1,3,dog
"Encore Dog Pouch, Finest Collection 5x100g £5.00/unit £10.00/kg Quantity",http://c2.sainsburys.co.uk/wcsstore7.09.2.52/ExtendedSitesCatalogAssetStore/images/catalog/productImages/64/5060333436964/5060333436964_L.jpeg,2,11,dog
"Encore Dog Tin, Beef Liver & Vegetable 156g £1.30/unit £8.33/kg Quantity",http://c2.sainsburys.co.uk/wcsstore7.09.2.52/ExtendedSitesCatalogAssetStore/images/catalog/productImages/05/5060333436605/5060333436605_L.jpeg,3,11,dog
"Encore Dog Tin, Chicken Ham & Vegetable 156g £1.30/unit £8.33/kg Quantity",http://c2.sainsburys.co.uk/wcsstore7.09.2.52/ExtendedSitesCatalogAssetStore/images/catalog/productImages/82/5060333436582/5060333436582_L.jpeg,4,10,dog
"Encore Dog Tins, Supreme Selection 5x156g Only £4.50: Save £1.25 £4.50/unit £5.77/kg Quantity",http://c2.sainsburys.co.uk/wcsstore7.09.2.52/ExtendedSitesCatalogAssetStore/images/catalog/productImages/60/5060333437060/5060333437060_L.jpeg,1,17,dog
"Encore Puppy Tin, with Chicken & Vegetable 95g £0.90/unit £9.47/kg Quantity",http://c2.sainsburys.co.uk/wcsstore7.09.2.52/ExtendedSitesCatalogAssetStore/images/catalog/productImages/07/5060333437107/5060333437107_L.jpeg,2,5,cat
Encore PÌ¢tÌ© Fresh Selection 5x150g £4.00/unit £5.33/kg Quantity,http://c2.sainsburys.co.uk/wcsstore7.09.2.52/ExtendedSitesCatalogAssetStore/images/catalog/productImages/34/5060333430634/5060333430634_L.jpeg,1,15,cat
Encore Special Selection Variety 5x156g Only £4.50: Save £1.35 £4.50/unit £5.77/kg Quantity,http://c2.sainsburys.co.uk/wcsstore7.09.2.52/ExtendedSitesCatalogAssetStore/images/catalog/productImages/85/5060122499385/5060122499385_L.jpeg,2,7,cat
"Harringtons Dry Dog Food, Lamb & Rice 5kg Only £7.00: Save £1.00 £7.00/unit £1.40/kg Quantity Reviews (3)",http://c2.sainsburys.co.uk/wcsstore7.09.2.52/ExtendedSitesCatalogAssetStore/images/catalog/productImages/98/5013919000998/5013919000998_L.jpeg,3,11,dog
"Harringtons Dry Dog Food, Salmon & Potato 2kg £4.00/unit £2.00/kg Quantity",http://c2.sainsburys.co.uk/wcsstore7.09.2.52/ExtendedSitesCatalogAssetStore/images/catalog/productImages/61/5013919001261/5013919001261_L.jpeg,3,9,dog
"Harringtons Dry Dog Food, Turkey & Vegetable 5kg Only £7.00: Save £1.00 £7.00/unit £1.40/kg Quantity Reviews (1)",http://c2.sainsburys.co.uk/wcsstore7.09.2.52/ExtendedSitesCatalogAssetStore/images/catalog/productImages/01/5013919001001/5013919001001_L.jpeg,4,18,dog
"Harringtons Grain Free Dry Dog Food, Turkey 1.75kg £4.00/unit £2.29/kg Quantity",http://c2.sainsburys.co.uk/wcsstore7.09.2.52/ExtendedSitesCatalogAssetStore/images/catalog/productImages/22/5013919002022/5013919002022_L.jpeg,2,15,dog
"Harringtons Small Dog Dry Dog Food, Lamb & Rice 1.75kg £4.00/unit £2.29/kg Quantity Reviews (1)",http://c2.sainsburys.co.uk/wcsstore7.09.2.52/ExtendedSitesCatalogAssetStore/images/catalog/productImages/39/5013919002039/5013919002039_L.jpeg,4,10,dog
"HiLife Complete Dry Dog Food, Moist Mince with Beef & Vegetables 1.5kg £3.75/unit £2.50/kg Quantity",http://c2.sainsburys.co.uk/wcsstore7.09.2.52/ExtendedSitesCatalogAssetStore/images/catalog/productImages/47/5011844000847/5011844000847_L.jpeg,1,13,dog
"HiLife Complete Dry Dog Food, Moist Mince with Turkey Chicken & Vegetables 1.5kg £3.75/unit £2.50/kg Quantity",http://c2.sainsburys.co.uk/wcsstore7.09.2.52/ExtendedSitesCatalogAssetStore/images/catalog/productImages/85/5011844000885/5011844000885_L.jpeg,2,7,dog
"HiLife Feed Me Dry Dog Food, Turkey & Chicken 3kg £6.50/unit £2.17/kg Quantity",http://c2.sainsburys.co.uk/wcsstore7.09.2.52/ExtendedSitesCatalogAssetStore/images/catalog/productImages/81/5011844001981/5011844001981_L.jpeg,2,7,dog
"Iams Complete Dry Dog Food, Light 3kg Only £8.00: Save £2.50 £8.00/unit £2.67/kg Quantity",http://c2.sainsburys.co.uk/wcsstore7.09.2.52/ExtendedSitesCatalogAssetStore/images/catalog/productImages/48/8710974916048/8710974916048_L.jpeg,4,13,dog
Iams Large Adult Dry Dog Food 3kg Only £8.00: Save £2.50 £8.00/unit £2.67/kg Quantity,http://c2.sainsburys.co.uk/wcsstore7.09.2.52/ExtendedSitesCatalogAssetStore/images/catalog/productImages/82/5000174274882/5000174274882_L.jpeg,4,6,dog
"Iams Large Adult Dry Dog Food, Roast Chicken 7.5kg £18.75/unit £2.50/kg Quantity Reviews (1)",http://c2.sainsburys.co.uk/wcsstore7.09.2.52/ExtendedSitesCatalogAssetStore/images/catalog/productImages/48/5000174916348/5000174916348_L.jpeg,1,9,dog
"Iams Light In Fat Dry Dog Food, Succulent Roast Chicken 1kg £4.00/unit £4.00/kg Quantity",http://c2.sainsburys.co.uk/wcsstore7.09.2.52/ExtendedSitesCatalogAssetStore/images/catalog/productImages/61/8710974908661/8710974908661_L.jpeg,4,18,dog
Iams Senior & Active Dry Dog Food 3kg Only £8.00: Save £2.50 £8.00/unit £2.67/kg Quantity Reviews (1),http://c2.sainsburys.co.uk/wcsstore7.09.2.52/ExtendedSitesCatalogAssetStore/images/catalog/productImages/64/8710974801764/8710974801764_L.jpeg,1,9,dog
"Iams Senior & Mature Dry Dog Food, Rich Chicken 1kg £4.00/unit £4.00/kg Quantity",http://c2.sainsburys.co.uk/wcsstore7.09.2.52/ExtendedSitesCatalogAssetStore/images/catalog/productImages/06/8710974908906/8710974908906_L.jpeg,4,6,dog
"Iams Small Adult Dry Dog Food, Roast Chicken 7.5kg £18.75/unit £2.50/kg Quantity",http://c2.sainsburys.co.uk/wcsstore7.09.2.52/ExtendedSitesCatalogAssetStore/images/catalog/productImages/51/5000174916751/5000174916751_L.jpeg,4,14,dog
Iams Small to Medium Adult Dry Dog Food 1kg £4.00/unit £4.00/kg Quantity Reviews (1),http://c2.sainsburys.co.uk/wcsstore7.09.2.52/ExtendedSitesCatalogAssetStore/images/catalog/productImages/64/8710974908364/8710974908364_L.jpeg,4,12,dog
"Iams Small to Medium Adult Dry Dog Food, Chicken 3kg Only £8.00: Save £2.50 £8.00/unit £2.67/kg Quantity Reviews (1)",http://c2.sainsburys.co.uk/wcsstore7.09.2.52/ExtendedSitesCatalogAssetStore/images/catalog/productImages/02/8710974801702/8710974801702_L.jpeg,3,5,dog
Iams Small to Medium Puppy & Junior Dry Dog Food 1kg £4.00/unit £4.00/kg Quantity,http://c2.sainsburys.co.uk/wcsstore7.09.2.52/ExtendedSitesCatalogAssetStore/images/catalog/productImages/03/8710974908203/8710974908203_L.jpeg,2,6,dog
Iams Small to Medium Puppy & Junior Dry Dog Food 3kg Only £8.00: Save £2.50 £8.00/unit £2.67/kg Quantity,http://c2.sainsburys.co.uk/wcsstore7.09.2.52/ExtendedSitesCatalogAssetStore/images/catalog/productImages/67/8710974801467/8710974801467_L.jpeg,1,10,dog
"Laughing Dog Grain Free Dry Dog Food, Chicken 1.5kg £7.50/unit £5.00/kg Quantity",http://c2.sainsburys.co.uk/wcsstore7.09.2.52/ExtendedSitesCatalogAssetStore/images/catalog/productImages/45/5014439217545/5014439217545_L.jpeg,4,15,dog
"Laughing Dog Grain Free Dry Dog Food, Duck 1.5kg £7.50/unit £5.00/kg Quantity",http://c2.sainsburys.co.uk/wcsstore7.09.2.52/ExtendedSitesCatalogAssetStore/images/catalog/productImages/30/5014439217330/5014439217330_L.jpeg,4,16,dog
"Laughing Dog Wheat Free Dry Dog Food, Chicken 2kg £7.50/unit £3.75/kg Quantity Reviews (1)",http://c2.sainsburys.co.uk/wcsstore7.09.2.52/ExtendedSitesCatalogAssetStore/images/catalog/productImages/84/5014439217484/5014439217484_L.jpeg,2,6,dog
"Laughing Dog Wheat Free Dry Dog Food, Lamb 2kg £7.50/unit £3.75/kg Quantity Reviews (1)",http://c2.sainsburys.co.uk/wcsstore7.09.2.52/ExtendedSitesCatalogAssetStore/images/catalog/productImages/07/5014439217507/5014439217507_L.jpeg,2,11,dog
"Naturo Adult Dog Dry Dog Food, Chicken Rice & Vegetable 2.5kg £7.50/unit £3.00/kg Quantity",http://c2.sainsburys.co.uk/wcsstore7.09.2.52/ExtendedSitesCatalogAssetStore/images/catalog/productImages/53/5010708722253/5010708722253_L.jpeg,4,10,dog
"Naturo Adult Dog Dry Dog Food, Lamb with Rice & Vegetables 2.5kg £7.50/unit £3.00/kg Quantity",http://c2.sainsburys.co.uk/wcsstore7.09.2.52/ExtendedSitesCatalogAssetStore/images/catalog/productImages/54/5010708712254/5010708712254_L.jpeg,3,4,dog
"Naturo Adult Dog, Duck Vegetable & Rice 150g £0.65/unit £4.33/kg Quantity",http://c2.sainsburys.co.uk/wcsstore7.09.2.52/ExtendedSitesCatalogAssetStore/images/catalog/productImages/04/5010708761504/5010708761504_L.jpeg,2,8,dog
"Naturo Adult Dog, Duck Vegetable & Rice 400g £1.00/unit £2.50/kg Quantity",http://c2.sainsburys.co.uk/wcsstore7.09.2.52/ExtendedSitesCatalogAssetStore/images/catalog/productImages/00/5010708764000/5010708764000_L.jpeg,3,11,dog
"Naturo Adult Dog, Grain Free Chicken 400g £1.00/unit £2.50/kg Quantity Reviews (3)",http://c2.sainsburys.co.uk/wcsstore7.09.2.52/ExtendedSitesCatalogAssetStore/images/catalog/productImages/09/5010708774009/5010708774009_L.jpeg,4,4,dog
"Naturo Adult Dog, Lamb Vegetable & Rice 150g £0.65/unit £4.33/kg Quantity",http://c2.sainsburys.co.uk/wcsstore7.09.2.52/ExtendedSitesCatalogAssetStore/images/catalog/productImages/09/5010708711509/5010708711509_L.jpeg,2,9,dog
"Naturo Adult Dog, Lamb Vegetable & Rice 400g £1.00/unit £2.50/kg Quantity Reviews (1)",http://c2.sainsburys.co.uk/wcsstore7.09.2.52/ExtendedSitesCatalogAssetStore/images/catalog/productImages/05/5010708714005/5010708714005_L.jpeg,2,8,dog
"Naturo Adult Dog, Variety Pack 6x400g £5.00/unit £2.08/kg Quantity Reviews (5)",http://c2.sainsburys.co.uk/wcsstore7.09.2.52/ExtendedSitesCatalogAssetStore/images/catalog/productImages/60/5010708799460/5010708799460_L.jpeg,3,19,dog
"Pedigree Adult Complete Dry Dog Food, Beef 3kg £7.00/unit £2.33/kg Quantity",http://c2.sainsburys.co.uk/wcsstore7.09.2.52/ExtendedSitesCatalogAssetStore/images/catalog/productImages/24/5000166063524/5000166063524_L.jpeg,4,12,dog
"Pedigree Adult Complete Dry Dog Food, Chicken 3kg £7.00/unit £2.33/kg Quantity",http://c2.sainsburys.co.uk/wcsstore7.09.2.52/ExtendedSitesCatalogAssetStore/images/catalog/productImages/17/5000166063517/5000166063517_L.jpeg,4,4,dog
Pedigree Beef & Poultry In Gravy 400g £0.60/unit £1.50/kg Quantity,http://c2.sainsburys.co.uk/wcsstore7.09.2.52/ExtendedSitesCatalogAssetStore/images/catalog/productImages/85/5000166146685/5000166146685_L.jpeg,1,11,cat
Pedigree Chunks In Jelly 12x385g £5.85/unit £1.27/kg Quantity,http://c2.sainsburys.co.uk/wcsstore7.09.2.52/ExtendedSitesCatalogAssetStore/images/catalog/productImages/98/5000166061698/5000166061698_L.jpeg,3,9,cat
Pedigree Chunks In Jelly 6x385g Only £3.00: Save 35p £3.00/unit £1.30/kg Quantity,http://c2.sainsburys.co.uk/wcsstore7.09.2.52/ExtendedSitesCatalogAssetStore/images/catalog/productImages/47/5000166123747/5000166123747_L.jpeg,3,3,cat
Pedigree Chunks In Jelly With Chicken 385g £0.60/unit £1.56/kg Quantity,http://c2.sainsburys.co.uk/wcsstore7.09.2.52/ExtendedSitesCatalogAssetStore/images/catalog/productImages/15/5000166052115/5000166052115_L.jpeg,1,5,cat
Pedigree Country Casseroles In Gravy 6x400g Only £3.00: Save 35p £3.00/unit £1.25/kg Quantity,http://c2.sainsburys.co.uk/wcsstore7.09.2.52/ExtendedSitesCatalogAssetStore/images/catalog/productImages/15/5000166069915/5000166069915_L.jpeg,3,5,cat
"Pedigree Dry Dog Food Mixer, Original 3kg £4.20/unit £1.40/kg Quantity",http://c2.sainsburys.co.uk/wcsstore7.09.2.52/ExtendedSitesCatalogAssetStore/images/catalog/productImages/61/5000166076661/5000166076661_L.jpeg,2,19,dog
Pedigree Favourites In Jelly 12x100g £3.50/unit £2.92/kg Quantity,http://c2.sainsburys.co.uk/wcsstore7.09.2.52/ExtendedSitesCatalogAssetStore/images/catalog/productImages/92/3065890123892/3065890123892_L.jpeg,1,12,cat
Pedigree Favourites in Jelly 24x100g Only £5.00: Save £1.50 £5.00/unit £2.08/kg Quantity,http://c2.sainsburys.co.uk/wcsstore7.09.2.52/ExtendedSitesCatalogAssetStore/images/catalog/productImages/35/3065890124035/3065890124035_L.jpeg,4,8,cat
Pedigree In Gravy Variety 12x400g £5.85/unit £1.22/kg Quantity,http://c2.sainsburys.co.uk/wcsstore7.09.2.52/ExtendedSitesCatalogAssetStore/images/catalog/productImages/42/5000166065542/5000166065542_L.jpeg,4,17,cat
"Pedigree In Gravy Variety With Lamb, Chicken & Beef 6x400g Only £3.00: Save 35p £3.00/unit £1.25/kg Quantity",http://c2.sainsburys.co.uk/wcsstore7.09.2.52/ExtendedSitesCatalogAssetStore/images/catalog/productImages/43/5000166061643/5000166061643_L.jpeg,3,3,cat
Pedigree In Gravy Variety With Liver & Vitamins 6x400g £3.80/unit £1.58/kg Quantity,http://c2.sainsburys.co.uk/wcsstore7.09.2.52/ExtendedSitesCatalogAssetStore/images/catalog/productImages/45/5000166077545/5000166077545_L.jpeg,1,19,cat
"Pedigree In Gravy, Assorted 4x100g Only £1.00: Save 30p £1.00/unit £2.50/kg Quantity",http://c2.sainsburys.co.uk/wcsstore7.09.2.52/ExtendedSitesCatalogAssetStore/images/catalog/productImages/74/8410136001574/8410136001574_L.jpeg,3,6,cat
"Pedigree In Jelly, Chicken & Lamb 4x100g Only £1.00: Save 30p £1.00/unit £2.50/kg Quantity",http://c2.sainsburys.co.uk/wcsstore7.09.2.52/ExtendedSitesCatalogAssetStore/images/catalog/productImages/59/8410136001659/8410136001659_L.jpeg,3,16,cat
"Pedigree Loaf, Variety 6x400g Only £3.00: Save 35p £3.00/unit £1.25/kg Quantity",http://c2.sainsburys.co.uk/wcsstore7.09.2.52/ExtendedSitesCatalogAssetStore/images/catalog/productImages/26/5000166122726/5000166122726_L.jpeg,4,10,cat
Pedigree Marrowbone In Gravy 6x400g £3.80/unit £1.58/kg Quantity,http://c2.sainsburys.co.uk/wcsstore7.09.2.52/ExtendedSitesCatalogAssetStore/images/catalog/productImages/89/5000166076289/5000166076289_L.jpeg,4,15,cat
Pedigree Meaty Meals In Jelly Variety 6x385g Only £3.00: Save 35p £3.00/unit £1.30/kg Quantity,http://c2.sainsburys.co.uk/wcsstore7.09.2.52/ExtendedSitesCatalogAssetStore/images/catalog/productImages/39/5000166069939/5000166069939_L.jpeg,3,15,cat
Pedigree Original Loaf 400g £0.60/unit £1.50/kg Quantity,http://c2.sainsburys.co.uk/wcsstore7.09.2.52/ExtendedSitesCatalogAssetStore/images/catalog/productImages/93/5000166014793/5000166014793_L.jpeg,2,7,cat
"Pedigree Puppy, Variety In Jelly 6x400g Only £3.00: Save 35p £3.00/unit £1.25/kg Quantity",http://c2.sainsburys.co.uk/wcsstore7.09.2.52/ExtendedSitesCatalogAssetStore/images/catalog/productImages/20/5000166073820/5000166073820_L.jpeg,1,8,cat
Pedigree Real Meals In Gravy 12x100g £3.50/unit £2.92/kg Quantity,http://c2.sainsburys.co.uk/wcsstore7.09.2.52/ExtendedSitesCatalogAssetStore/images/catalog/productImages/78/3065890123878/3065890123878_L.jpeg,3,16,cat
Pedigree Real Meals In Gravy 24x100g Only £5.00: Save £1.50 £5.00/unit £2.08/kg Quantity,http://c2.sainsburys.co.uk/wcsstore7.09.2.52/ExtendedSitesCatalogAssetStore/images/catalog/productImages/60/3065890123960/3065890123960_L.jpeg,4,16,cat
"Pedigree Senior Complete Dry Dog Food, Chicken 2.5kg £7.00/unit £2.80/kg Quantity Reviews (1)",http://c2.sainsburys.co.uk/wcsstore7.09.2.52/ExtendedSitesCatalogAssetStore/images/catalog/productImages/79/5000166059879/5000166059879_L.jpeg,4,14,dog
"Pedigree Senior, Chicken & Beef 4x100g Only £1.00: Save 30p £1.00/unit £2.50/kg Quantity",http://c2.sainsburys.co.uk/wcsstore7.09.2.52/ExtendedSitesCatalogAssetStore/images/catalog/productImages/35/8410136001635/8410136001635_L.jpeg,4,16,cat
"Pedigree Senior, Meaty Loaf Variety 6x400g Only £3.00: Save 35p £3.00/unit £1.25/kg Quantity Reviews (1)",http://c2.sainsburys.co.uk/wcsstore7.09.2.52/ExtendedSitesCatalogAssetStore/images/catalog/productImages/60/5000166067560/5000166067560_L.jpeg,3,7,cat
Pedigree Small Bite Mixer Dry Dog Food 1.5kg £2.50/unit £1.67/kg Quantity,http://c2.sainsburys.co.uk/wcsstore7.09.2.52/ExtendedSitesCatalogAssetStore/images/catalog/productImages/29/5000166032629/5000166032629_L.jpeg,1,18,dog
"Pedigree Small Dog Complete Dry Dog Food, Chicken & Vegetables 1.4kg £4.00/unit £2.86/kg Quantity",http://c2.sainsburys.co.uk/wcsstore7.09.2.52/ExtendedSitesCatalogAssetStore/images/catalog/productImages/41/5900951254741/5900951254741_L.jpeg,1,4,dog
"Pedigree Small Dog Dry Dog Food, Chicken 2.7kg £7.00/unit £2.59/kg Quantity Reviews (1)",http://c2.sainsburys.co.uk/wcsstore7.09.2.52/ExtendedSitesCatalogAssetStore/images/catalog/productImages/53/5000166076753/5000166076753_L.jpeg,2,3,dog
Pedigree White Meat & Maize Loaf 6x400g £3.80/unit £1.58/kg Quantity,http://c2.sainsburys.co.uk/wcsstore7.09.2.52/ExtendedSitesCatalogAssetStore/images/catalog/productImages/20/5000166077620/5000166077620_L.jpeg,2,15,cat
"Pedigree With Added Fish Oil, Variety 6x400g £3.80/unit £1.58/kg Quantity",http://c2.sainsburys.co.uk/wcsstore7.09.2.52/ExtendedSitesCatalogAssetStore/images/catalog/productImages/41/5000166076241/5000166076241_L.jpeg,2,8,cat
Purina One Dry Dog Food My Dog Is... Active 800g Only £2.80: Save 70p £2.80/unit £3.50/kg Quantity,http://c2.sainsburys.co.uk/wcsstore7.09.2.52/ExtendedSitesCatalogAssetStore/images/catalog/productImages/22/7613034746122/7613034746122_L.jpeg,1,3,dog
Purina One Dry Dog Food My Dog Is... Adult 800g Only £2.80: Save 70p £2.80/unit £3.50/kg Quantity,http://c2.sainsburys.co.uk/wcsstore7.09.2.52/ExtendedSitesCatalogAssetStore/images/catalog/productImages/44/7613034746344/7613034746344_L.jpeg,3,13,dog
Purina One Dry Dog Food My Dog Is... Delicate 800g Only £2.80: Save 70p £2.80/unit £3.50/kg Quantity Reviews (1),http://c2.sainsburys.co.uk/wcsstore7.09.2.52/ExtendedSitesCatalogAssetStore/images/catalog/productImages/85/7613034746085/7613034746085_L.jpeg,4,8,dog
Purina One Dry Dog Food My Dog Is... Food Lover 800g Only £2.80: Save 70p £2.80/unit £3.50/kg Quantity,http://c2.sainsburys.co.uk/wcsstore7.09.2.52/ExtendedSitesCatalogAssetStore/images/catalog/productImages/08/7613034746108/7613034746108_L.jpeg,3,9,dog
"Sainsbury's Beef PÌ¢tÌ© With Rice & Vegetable, Delicious Collection 400g £1.00/unit £2.50/kg Quantity Reviews (3)",http://c2.sainsburys.co.uk/wcsstore7.09.2.52/ExtendedSitesCatalogAssetStore/images/catalog/productImages/59/0000001885859/0000001885859_L.jpeg,1,11,cat
"Sainsbury's Beef PÌ¢tÌ© With Rice & Vegetable, The Delicious Collection 150g £0.60/unit £4.00/kg Quantity Reviews (3)",http://c2.sainsburys.co.uk/wcsstore7.09.2.52/ExtendedSitesCatalogAssetStore/images/catalog/productImages/90/0000001888690/0000001888690_L.jpeg,1,15,cat
Sainsbury's Bistro Collection In Gravy 4x150g £1.75/unit £2.92/kg Quantity Reviews (1),http://c2.sainsburys.co.uk/wcsstore7.09.2.52/ExtendedSitesCatalogAssetStore/images/catalog/productImages/49/0000000180849/0000000180849_L.jpeg,4,14,cat
Sainsbury's Braised Collection In Jelly 4x150g £1.75/unit £2.92/kg Quantity,http://c2.sainsburys.co.uk/wcsstore7.09.2.52/ExtendedSitesCatalogAssetStore/images/catalog/productImages/56/0000000180856/0000000180856_L.jpeg,2,6,cat
"Classic Cat Can, Meat 6x400g Only £2.50: Save 20p £2.50/unit £1.05/kg Quantity Reviews (2)",http://c2.sainsburys.co.uk/wcsstore7.09.2.52/ExtendedSitesCatalogAssetStore/images/catalog/productImages/00/5011941591200/5011941591200_L.jpeg,1,19,cat
"Classic Cat Cans, Fish 6x400g Only £2.50: Save 20p £2.50/unit £1.05/kg Quantity Reviews (3)",http://c2.sainsburys.co.uk/wcsstore7.09.2.52/ExtendedSitesCatalogAssetStore/images/catalog/productImages/07/5011941592207/5011941592207_L.jpeg,4,18,cat
"Classic Cat Cans, Variety 12x400g £5.10/unit £1.06/kg Quantity Reviews (4)",http://c2.sainsburys.co.uk/wcsstore7.09.2.52/ExtendedSitesCatalogAssetStore/images/catalog/productImages/68/5011941593068/5011941593068_L.jpeg,1,11,cat
"Encore Cat Pouch, Tuna Anchovy & Seaweed 70g £0.90/unit £12.86/kg Quantity",http://c2.sainsburys.co.uk/wcsstore7.09.2.52/ExtendedSitesCatalogAssetStore/images/catalog/productImages/42/5060333436742/5060333436742_L.jpeg,2,16,cat
"Encore Cat Can, Chicken with Cheese 70g £0.90/unit £12.86/kg Quantity",http://c2.sainsburys.co.uk/wcsstore7.09.2.52/ExtendedSitesCatalogAssetStore/images/catalog/productImages/32/5060122490832/5060122490832_L.jpeg,1,18,cat
"Encore Cat Can, Chicken with Mango 70g £0.90/unit £12.86/kg Quantity",http://c2.sainsburys.co.uk/wcsstore7.09.2.52/ExtendedSitesCatalogAssetStore/images/catalog/productImages/67/5060333436667/5060333436667_L.jpeg,2,7,cat
"Encore Cat Can, Mackerel & Sea Bream 70g £0.90/unit £12.86/kg Quantity",http://c2.sainsburys.co.uk/wcsstore7.09.2.52/ExtendedSitesCatalogAssetStore/images/catalog/productImages/43/5060333436643/5060333436643_L.jpeg,2,17,cat
"Encore Cat Can, Ocean Fish 70g £0.90/unit £12.86/kg Quantity",http://c2.sainsburys.co.uk/wcsstore7.09.2.52/ExtendedSitesCatalogAssetStore/images/catalog/productImages/56/5060122490856/5060122490856_L.jpeg,1,6,cat
"Encore Cat Can, Tuna with Salmon 70g £0.90/unit £12.86/kg Quantity",http://c2.sainsburys.co.uk/wcsstore7.09.2.52/ExtendedSitesCatalogAssetStore/images/catalog/productImages/29/5060333436629/5060333436629_L.jpeg,1,13,cat
"Encore Cat Can, Tuna with Seaweed 70g £0.90/unit £12.86/kg Quantity Reviews (1)",http://c2.sainsburys.co.uk/wcsstore7.09.2.52/ExtendedSitesCatalogAssetStore/images/catalog/productImages/04/5060333436704/5060333436704_L.jpeg,2,19,cat
"Encore Cat Cans, Supreme Selection 12x70g £9.00/unit £10.71/kg Quantity",http://c2.sainsburys.co.uk/wcsstore7.09.2.52/ExtendedSitesCatalogAssetStore/images/catalog/productImages/89/5060333436889/5060333436889_L.jpeg,3,16,cat
"Encore Cat Pot, Chicken With Duck 60g £0.90/unit £15.00/kg Quantity Reviews (1)",http://c2.sainsburys.co.uk/wcsstore7.09.2.52/ExtendedSitesCatalogAssetStore/images/catalog/productImages/81/5060333430481/5060333430481_L.jpeg,2,15,cat
"Encore Cat Pot, Fish Selection 6x60g £5.00/unit £13.89/kg Quantity",http://c2.sainsburys.co.uk/wcsstore7.09.2.52/ExtendedSitesCatalogAssetStore/images/catalog/productImages/61/5060122499361/5060122499361_L.jpeg,3,10,cat
"Encore Cat Pot, Multi Selection 6x60g £5.00/unit £13.89/kg Quantity",http://c2.sainsburys.co.uk/wcsstore7.09.2.52/ExtendedSitesCatalogAssetStore/images/catalog/productImages/54/5060122499354/5060122499354_L.jpeg,2,6,cat
"Encore Cat Pot, Tuna with Crab 60g £0.90/unit £15.00/kg Quantity",http://c2.sainsburys.co.uk/wcsstore7.09.2.52/ExtendedSitesCatalogAssetStore/images/catalog/productImages/42/5060122499842/5060122499842_L.jpeg,4,17,cat
"Encore Cat Pots, Quality Selection 10x60g £7.00/unit £11.67/kg Quantity Reviews (1)",http://c2.sainsburys.co.uk/wcsstore7.09.2.52/ExtendedSitesCatalogAssetStore/images/catalog/productImages/68/5060333436568/5060333436568_L.jpeg,3,3,cat
"Encore Cat Pouch, Chicken & Brown Rice 70g £0.90/unit £12.86/kg Quantity Reviews (1)",http://c2.sainsburys.co.uk/wcsstore7.09.2.52/ExtendedSitesCatalogAssetStore/images/catalog/productImages/90/5060122492690/5060122492690_L.jpeg,1,12,cat
"Encore Cat Pouch, Chicken with Prawn 70g £0.90/unit £12.86/kg Quantity",http://c2.sainsburys.co.uk/wcsstore7.09.2.52/ExtendedSitesCatalogAssetStore/images/catalog/productImages/06/5060122492706/5060122492706_L.jpeg,2,15,cat
"Encore Cat Pouch, Mackerel Tuna Bream 70g £0.90/unit £12.86/kg Quantity",http://c2.sainsburys.co.uk/wcsstore7.09.2.52/ExtendedSitesCatalogAssetStore/images/catalog/productImages/44/5060122492744/5060122492744_L.jpeg,3,12,cat
"Aquarian Goldfish Food, Flakes 50g £3.70/unit £74.00/kg Quantity",http://c2.sainsburys.co.uk/wcsstore7.09.2.52/ExtendedSitesCatalogAssetStore/images/catalog/productImages/16/5010394996716/5010394996716_L.jpeg,2,6,fish
Aquarian Holiday Feeding Block 28g £2.90/unit £10.36/100g Quantity Reviews (1),http://c2.sainsburys.co.uk/wcsstore7.09.2.52/ExtendedSitesCatalogAssetStore/images/catalog/productImages/38/5000166066938/5000166066938_L.jpeg,3,10,fish
"Aquarian Tropical Fish Food, Flakes 50g £5.40/unit £108.00/kg Quantity",http://c2.sainsburys.co.uk/wcsstore7.09.2.52/ExtendedSitesCatalogAssetStore/images/catalog/productImages/61/5010394996761/5010394996761_L.jpeg,2,19,fish
Tetra Pond Fish Food Sticks 100g £2.50/unit £25.00/kg Quantity Reviews (1),http://c2.sainsburys.co.uk/wcsstore7.09.2.52/SainsburysStorefrontAssetStore/img/thumb-no-image-140.png,4,11,fish